<?xml version="1.0"?>
<marc:collection xmlns:marc="http://www.loc.gov/MARC21/slim" xmlns:xsi="http://www.w3.org/2001/XMLSchema-instance" xsi:schemaLocation="http://www.loc.gov/MARC21/slim http://www.loc.gov/standards/marcxml/schema/MARC21slim.xsd">
   <marc:record type="Bibliographic">
      <marc:leader>00796cam a22002057a 4500</marc:leader>
      <marc:controlfield tag="001">4091765</marc:controlfield>
      <marc:controlfield tag="003">NjP</marc:controlfield>
      <marc:controlfield tag="005">20130408163607.0</marc:controlfield>
      <marc:controlfield tag="008">960928s1959    iq           |||| ||ara|d</marc:controlfield>
      <marc:datafield tag="024" ind1="7" ind2=" ">
         <marc:subfield code="a">princeton_aco000092</marc:subfield>
         <marc:subfield code="2">local</marc:subfield>
      </marc:datafield>
      <marc:datafield tag="035" ind1=" " ind2=" ">
         <marc:subfield code="a">(OCoLC)54361153</marc:subfield>
      </marc:datafield>
      <marc:datafield tag="035" ind1=" " ind2=" ">
         <marc:subfield code="a">(MH)MHBIQ52316HU</marc:subfield>
      </marc:datafield>
      <marc:datafield tag="035" ind1=" " ind2=" ">
         <marc:subfield code="a">(CStRLIN)MAHGBIQ52316-B</marc:subfield>
      </marc:datafield>
      <marc:datafield tag="040" ind1=" " ind2=" ">
         <marc:subfield code="a">MH</marc:subfield>
         <marc:subfield code="c">MH</marc:subfield>
         <marc:subfield code="d">CStRLIN</marc:subfield>
         <marc:subfield code="d">NjP</marc:subfield>
      </marc:datafield>
      <marc:datafield tag="100" ind1="1" ind2=" ">
         <marc:subfield code="a">Rus&#x323;a&#x304;fi&#x304;, Ma&#x2BB;ru&#x304;f,</marc:subfield>
         <marc:subfield code="d">1875-1945.</marc:subfield>
      </marc:datafield>
      <marc:datafield tag="245" ind1="1" ind2="0">
         <marc:subfield code="a">Naz&#x323;rah ijma&#x304;li&#x304;yah fi&#x304; h&#x323;aya&#x304;t al-Mutanabbi&#x304; /</marc:subfield>
         <marc:subfield code="c">qaddamahu wa-h&#x323;aqqaqahu Ibra&#x304;hi&#x304;m al-&#x2BB;Alawi&#x304;.</marc:subfield>
      </marc:datafield>
      <marc:datafield tag="260" ind1=" " ind2=" ">
         <marc:subfield code="a">Baghda&#x304;d :</marc:subfield>
         <marc:subfield code="b">Mat&#x323;ba&#x2BB;at al-Ma&#x2BB;a&#x304;rif,</marc:subfield>
         <marc:subfield code="c">1959.</marc:subfield>
      </marc:datafield>
      <marc:datafield tag="300" ind1=" " ind2=" ">
         <marc:subfield code="a">78 p. :</marc:subfield>
         <marc:subfield code="b">ill.</marc:subfield>
      </marc:datafield>
      <marc:datafield tag="700" ind1="1" ind2=" ">
         <marc:subfield code="a">&#x2BB;Ala&#x304;wi&#x304;, Ibra&#x304;hi&#x304;m.</marc:subfield>
      </marc:datafield>
      <marc:datafield tag="700" ind1="1" ind2=" ">
         <marc:subfield code="a">Mutanabbi&#x304;, Abu&#x304; al-T&#x323;ayyib Ah&#x323;mad ibn al-H&#x323;usayn,</marc:subfield>
         <marc:subfield code="d">915 or 916-965.</marc:subfield>
      </marc:datafield>
      <marc:datafield tag="852" ind1="0" ind2=" ">
         <marc:subfield code="b">nec</marc:subfield>
         <marc:subfield code="h">PJ7750.M8</marc:subfield>
         <marc:subfield code="i">N397 1959</marc:subfield>
         <marc:subfield code="p">4372587</marc:subfield>
         <marc:subfield code="x">reclassed from: 2272.695.894</marc:subfield>
      </marc:datafield>
      <marc:datafield tag="902" ind1=" " ind2=" ">
         <marc:subfield code="a">jab</marc:subfield>
         <marc:subfield code="b">r</marc:subfield>
         <marc:subfield code="6">a</marc:subfield>
         <marc:subfield code="7">m</marc:subfield>
         <marc:subfield code="d">v</marc:subfield>
         <marc:subfield code="f">0</marc:subfield>
         <marc:subfield code="e">20040113</marc:subfield>
      </marc:datafield>
   </marc:record>
</marc:collection>
